<record><leader>00000cas a22000007a 4500</leader><controlfield tag="001">8818273</controlfield><controlfield tag="008">820929d184218uumeuwr ne      0   a0eng  </controlfield><controlfield tag="009">466</controlfield><datafield ind1=" " ind2=" " tag="010"><subfield code="a">sn 82015894 </subfield></datafield><datafield ind1=" " ind2=" " tag="040"><subfield code="a">DLC</subfield><subfield code="b">eng</subfield><subfield code="c">DLC</subfield><subfield code="d">NPX</subfield><subfield code="d">NPU</subfield><subfield code="d">DLC</subfield><subfield code="d">MGN</subfield><subfield code="d">MBN</subfield><subfield code="d">OCL</subfield><subfield code="d">OCLCG</subfield><subfield code="d">OCLCO</subfield><subfield code="d">OCLCF</subfield></datafield><datafield ind1="1" ind2=" " tag="029"><subfield code="a">AU@</subfield><subfield code="b">000020120436</subfield></datafield><datafield ind1=" " ind2=" " tag="042"><subfield code="a">msc</subfield></datafield><datafield ind1=" " ind2=" " tag="043"><subfield code="a">n-us-me</subfield></datafield><datafield ind1="0" ind2="0" tag="050"><subfield code="a">Newspaper 8007-X</subfield></datafield><datafield ind1="0" ind2=" " tag="130"><subfield code="a">Bangor gazette (Bangor, Me. : 1842)</subfield></datafield><datafield ind1="0" ind2="0" tag="245"><subfield code="a">Bangor gazette.</subfield></datafield><datafield ind1=" " ind2=" " tag="260"><subfield code="a">Bangor [Me.] :</subfield><subfield code="b">Burrill &amp; Pray,</subfield></datafield><datafield ind1=" " ind2=" " tag="300"><subfield code="a">v. :</subfield><subfield code="b">ill. (chiefly advertisements) ;</subfield><subfield code="c">60 cm.</subfield></datafield><datafield ind1=" " ind2=" " tag="310"><subfield code="a">Weekly</subfield></datafield><datafield ind1="0" ind2=" " tag="362"><subfield code="a">Vol. 1, no. 1 (Apr. 30, 1842)-</subfield></datafield><datafield ind1=" " ind2=" " tag="500"><subfield code="a">Publishers: John Burrill, 1842-1844; William Hastings, &lt;1844&gt;; George W. Light, &lt;1844-1845&gt;; Seward P. Mower, &lt;1845&gt;; Mower &amp; Walker, &lt;1846-1847&gt;.</subfield></datafield><datafield ind1=" " ind2=" " tag="500"><subfield code="a">Liberty. Cf. Griffin, J.  Hist. of the press of Me., 1872.</subfield></datafield><datafield ind1=" " ind2=" " tag="500"><subfield code="a">Editors: J.E. Godfrey, &lt;Apr. 1842&gt;; Asa Walker, &lt;1844-1847&gt;.</subfield></datafield><datafield ind1=" " ind2=" " tag="580"><subfield code="a">Daily ed.: Bangor gazette (Bangor, Me. : 1843), 1843, and: Bangor daily gazette, 1843-1845.</subfield></datafield><datafield ind1=" " ind2=" " tag="580"><subfield code="a">Triweekly ed.: Bangor tri-weekly gazette, &lt;1845&gt;.</subfield></datafield><datafield ind1=" " ind2="0" tag="651"><subfield code="a">Bangor (Me.)</subfield><subfield code="v">Newspapers.</subfield></datafield><datafield ind1=" " ind2="7" tag="655"><subfield code="a">Newspapers.</subfield><subfield code="2">fast</subfield><subfield code="0">(OCoLC)fst01423814</subfield></datafield><datafield ind1=" " ind2="7" tag="651"><subfield code="a">Maine</subfield><subfield code="z">Bangor.</subfield><subfield code="2">fast</subfield><subfield code="0">(OCoLC)fst01207512</subfield></datafield><datafield ind1="1" ind2=" " tag="700"><subfield code="a">Godfrey, John Edwards,</subfield><subfield code="d">1809-1884.</subfield></datafield><datafield ind1="1" ind2=" " tag="700"><subfield code="a">Walker, Asa.</subfield></datafield><datafield ind1=" " ind2=" " tag="752"><subfield code="a">United States</subfield><subfield code="b">Maine</subfield><subfield code="c">Penobscot</subfield><subfield code="d">Bangor.</subfield></datafield><datafield ind1="1" ind2=" " tag="775"><subfield code="t">Bangor gazette (Bangor, Me. : 1843)</subfield><subfield code="w">(DLC)sn 95068823</subfield></datafield><datafield ind1="1" ind2=" " tag="775"><subfield code="t">Bangor daily gazette</subfield><subfield code="w">(DLC)sn 83021239</subfield></datafield><datafield ind1="1" ind2=" " tag="775"><subfield code="t">Bangor tri-weekly gazette</subfield><subfield code="w">(DLC)sn 95068674</subfield></datafield><datafield ind1="0" ind2="0" tag="785"><subfield code="t">Platform</subfield></datafield></record>